@article{r1,
  title={The disaster of misinformation: a review of research in social media},
  author={Muhammed T, Sadiq and Mathew, Saji K},
  journal={International journal of data science and analytics},
  volume={13},
  number={4},
  pages={271--285},
  year={2022},
  publisher={Springer}
}

@techreport{r2,
  title        = {Foreign Threats to the 2020 U.S. Federal Elections},
  institution  = {Office of the Director of National Intelligence},
  year         = {2021},
  month        = {March},
  number       = {ICA 2020-00078D},
  note         = {Declassified by DNI Haines on 15 March 2021},
  url          = {https://www.dni.gov/files/ODNI/documents/assessments/ICA-declass-16MAR21.pdf}
}
@misc{r3,
  author       = {{Quinnipiac University Poll}},
  title        = {Political Instability Not U.S. Adversaries, Seen As Bigger Threat, Quinnipiac University National Poll Finds; Nearly 6 In 10 Think Nation's Democracy Is In Danger Of Collapse},
  howpublished = {\url{https://poll.qu.edu/poll-release?releaseid=3831}},
  month        = {Jan},
  year         = {2022},
  note         = {Accessed: 2025-04-24}
}
@article{r4,
  author       = {Jessica Brandt},
  title        = {Misinformation is eroding the public’s confidence in democracy},
  journal      = {Brookings Institution},
  year         = {2022},
  month        = {January},
  url          = {https://www.brookings.edu/articles/misinformation-is-eroding-the-publics-confidence-in-democracy/},
  note         = {Accessed: 2025-04-24}
}
@article{r5,
  title={Knowledge Graph Representation for Political Information Sources},
  author={Osmonova, Tinatin and Tikhonov, Alexey and Yamshchikov, Ivan P},
  journal={arXiv preprint arXiv:2404.03437},
  year={2024}
}

@article{r6,
  title={Separated by a common language: How Breitbart and The New York Times produce different meanings from common words},
  author={Mor, Federico and Nash, Erin J and Green, Fergus},
  journal={Politics},
  volume={44},
  number={3},
  pages={319--336},
  year={2024},
  publisher={SAGE Publications Sage UK: London, England}
}

@article{r7,
  title={Knowledge graphs: Opportunities and challenges},
  author={Peng, Ciyuan and Xia, Feng and Naseriparsa, Mehdi and Osborne, Francesco},
  journal={Artificial Intelligence Review},
  volume={56},
  number={11},
  pages={13071--13102},
  year={2023},
  publisher={Springer}
}

@article{r8,
  title={Knowledge graph and knowledge reasoning: A systematic review},
  author={Tian, Ling and Zhou, Xue and Wu, Yan-Ping and Zhou, Wang-Tao and Zhang, Jin-Hao and Zhang, Tian-Shu},
  journal={Journal of Electronic Science and Technology},
  volume={20},
  number={2},
  pages={100159},
  year={2022},
  publisher={Elsevier}
}

@article{r9,
  title={Knowledge graph refinement: A survey of approaches and evaluation methods},
  author={Paulheim, Heiko},
  journal={Semantic web},
  volume={8},
  number={3},
  pages={489--508},
  year={2016},
  publisher={SAGE Publications Sage UK: London, England}
}

@inproceedings{r10,
  title={Comparative reasoning for knowledge graph fact checking},
  author={Liu, Lihui and Ji, Houxiang and Xu, Jiejun and Tong, Hanghang},
  booktitle={2022 IEEE International Conference on Big Data (Big Data)},
  pages={2309--2312},
  year={2022},
  organization={IEEE}
}

@article{r11,
  title={Kgap: Knowledge graph augmented political perspective detection in news media},
  author={Feng, Shangbin and Chen, Zilong and Zhang, Wenqian and Li, Qingyao and Zheng, Qinghua and Chang, Xiaojun and Luo, Minnan},
  journal={arXiv preprint arXiv:2108.03861},
  year={2021}
}

@article{r12,
  title={The perils and promises of fact-checking with large language models},
  author={Quelle, Dorian and Bovet, Alexandre},
  journal={Frontiers in Artificial Intelligence},
  volume={7},
  pages={1341697},
  year={2024},
  publisher={Frontiers Media SA}
}

@article{r13,
  title={Media Bias Detector: Designing and Implementing a Tool for Real-Time Selection and Framing Bias Analysis in News Coverage},
  author={Wang, Jenny S and Haider, Samar and Tohidi, Amir and Gupta, Anushkaa and Zhang, Yuxuan and Callison-Burch, Chris and Rothschild, David and Watts, Duncan J},
  journal={arXiv preprint arXiv:2502.06009},
  year={2025}
}

@misc{r14,
  author       = {e Aquino, G. D. A. and de Azevedo, N. D. S. and Okimoto, L. Y. S. and Camelo, L. Y. S. and de Souza Bragança, H. L. and Fernandes, R. and Torné, I. G.},
  title        = {From RAG to Multi-Agent Systems: A Survey of Modern Approaches in LLM Development},
  year         = {2025},
  howpublished = {\url{https://www.preprints.org/manuscript/202502.0406/v1}},
  note         = {Preprint, Accessed: 2025-04-24}
}
@misc{r15,
  author       = {{NewsAPI}},
  title        = {NewsAPI - A JSON API for live news data from around the world},
  howpublished = {\url{https://newsapi.org/}},
  note         = {Accessed: 2025-04-24},
  year         = {2025}
}
@misc{r16,
  author       = {{AllSides}},
  title        = {AllSides Media Bias Ratings},
  howpublished = {\url{https://www.allsides.com/media-bias}},
  note         = {Accessed: 2025-04-24},
  year         = {2025}
}
@misc{r17,
  author       = {{Media Bias/Fact Check}},
  title        = {Media Bias/Fact Check - Search and Learn the Bias of News Media},
  howpublished = {\url{https://mediabiasfactcheck.com/}},
  note         = {Accessed: 2025-04-24},
  year         = {2025}
}


@misc{r18,
  author       = {{Ground News}},
  title        = {Ground News: Compare News Coverage, Spot Media Bias},
  howpublished = {\url{https://ground.news/}},
  note         = {Accessed: 2025-04-24},
  year         = {2025}
}


@article{r19,
  title={Intelligent agents: Theory and practice},
  author={Wooldridge, Michael and Jennings, Nicholas R},
  journal={The knowledge engineering review},
  volume={10},
  number={2},
  pages={115--152},
  year={1995},
  publisher={Cambridge University Press}
}

@article{r20,
  title={Beyond Self-Talk: A Communication-Centric Survey of LLM-Based Multi-Agent Systems},
  author={Yan, Bingyu and Zhang, Xiaoming and Zhang, Litian and Zhang, Lian and Zhou, Ziyi and Miao, Dezhuang and Li, Chaozhuo},
  journal={arXiv preprint arXiv:2502.14321},
  year={2025}
}

@article{r21,
  title={Knowledge graphs},
  author={Hogan, Aidan and Blomqvist, Eva and Cochez, Michael and d’Amato, Claudia and Melo, Gerard De and Gutierrez, Claudio and Kirrane, Sabrina and Gayo, Jos{\'e} Emilio Labra and Navigli, Roberto and Neumaier, Sebastian and others},
  journal={ACM Computing Surveys (Csur)},
  volume={54},
  number={4},
  pages={1--37},
  year={2021},
  publisher={ACM New York, NY, USA}
}


@article{r22,
  title={KNOWFORMER: revisiting transformers for knowledge graph reasoning},
  author={Liu, Junnan and Mao, Qianren and Jiang, Weifeng and Li, Jianxin},
  journal={arXiv preprint arXiv:2409.12865},
  year={2024}
}

@misc{r23,
  author       = {{LangChain Inc.}},
  title        = {LLMGraphTransformer Class Documentation},
  howpublished = {\url{https://api.python.langchain.com/en/latest/experimental/graph_transformers/langchain_experimental.graph_transformers.llm.LLMGraphTransformer.html}},
  note         = {Accessed: 2025-04-24},
  year         = {2025}
}


@inproceedings{r24,
  title={The State of the Art Transformer Language Models on Knowledge Graph Construction from Text: Named Entity Recognition and Relation Extraction},
  author={D'souza, Jennifer and Mihindukulasooriya, Nandana},
  booktitle={The Knowledge Graph Conference 2022},
  year={2023}
}

@article{r25,
  title={Automated fact-checking: A survey},
  author={Zeng, Xia and Abumansour, Amani S and Zubiaga, Arkaitz},
  journal={Language and Linguistics Compass},
  volume={15},
  number={10},
  pages={e12438},
  year={2021},
  publisher={Wiley Online Library}
}


@inproceedings{r26,
  title        = "{\textquotedblleft}Liar, Liar Pants on Fire{\textquotedblright}: A New Benchmark Dataset for Fake News Detection",
  author       = "Wang, William Yang",
  booktitle    = "Proceedings of the 55th Annual Meeting of the Association for Computational Linguistics (Volume 2: Short Papers)",
  year         = "2017",
  address      = "Vancouver, Canada",
  publisher    = "Association for Computational Linguistics",
  pages        = "422--426",
  url          = "https://aclanthology.org/P17-2067/",
  doi          = "10.18653/v1/P17-2067"
}
@inproceedings{r27,
  title        = "Neural Media Bias Detection Using Distant Supervision With BABE - Bias Annotations By Experts",
  author       = "Spinde, Timo and Plank, Manuel and Krieger, Jan-David and Ruas, Terry and Gipp, Bela and Aizawa, Akiko",
  booktitle    = "Findings of the Association for Computational Linguistics: EMNLP 2021",
  year         = "2021",
  address      = "Punta Cana, Dominican Republic",
  publisher    = "Association for Computational Linguistics",
  pages        = "1166--1177",
  url          = "https://aclanthology.org/2021.findings-emnlp.101",
  doi          = "10.18653/v1/2021.findings-emnlp.101"
}

@misc{r28,
  author       = {{Innovative Data Intelligence Research (IDIR) Lab}},
  title        = {ClaimBuster: Automated Live Fact-Checking},
  howpublished = {\url{https://idir.uta.edu/claimbuster/}},
  note         = {Accessed: 2025-04-24},
  year         = {2025}
}


@inproceedings{r29,
  title        = "{FEVER}: a Large-scale Dataset for Fact Extraction and {VER}ification",
  author       = "Thorne, James and Vlachos, Andreas and Christodoulopoulos, Christos and Mittal, Arpit",
  booktitle    = "Proceedings of the 2018 Conference of the North American Chapter of the Association for Computational Linguistics: Human Language Technologies, Volume 1 (Long Papers)",
  year         = "2018",
  address      = "New Orleans, Louisiana",
  publisher    = "Association for Computational Linguistics",
  pages        = "809--819",
  url          = "https://aclanthology.org/N18-1074/",
  doi          = "10.18653/v1/N18-1074"
}


@article{r30,
  title={Automated Fact-checking: A Survey},
  author={Zeng, Xia and Abumansour, Amani S and Zubiaga, Arkaitz},
  journal={Language and Linguistics Compass},
  volume={15},
  number={10},
  pages={e12438},
  year={2021},
  publisher={Wiley Online Library},
  doi={10.1111/lnc3.12438},
  url={https://doi.org/10.1111/lnc3.12438}
}

@inproceedings{r31,
  title={Linguistic models for analyzing and detecting biased language},
  author={Recasens, Marta and Danescu-Niculescu-Mizil, Cristian and Jurafsky, Dan},
  booktitle={Proceedings of the 51st annual meeting of the Association for Computational Linguistics (volume 1: long papers)},
  pages={1650--1659},
  year={2013}
}

@article{r32,
  title={POLITICS: Pretraining with same-story article comparison for ideology prediction and stance detection},
  author={Liu, Yujian and Zhang, Xinliang Frederick and Wegsman, David and Beauchamp, Nick and Wang, Lu},
  journal={arXiv preprint arXiv:2205.00619},
  year={2022}
}







@inproceedings{rxx,
  title={Truth of varying shades: Analyzing language in fake news and political fact-checking},
  author={Rashkin, Hannah and Choi, Eunsol and Jang, Jin Yea and Volkova, Svitlana and Choi, Yejin},
  booktitle={Proceedings of the 2017 conference on empirical methods in natural language processing},
  pages={2931--2937},
  year={2017}
}
@article{rxx,
  title={I learn better if you speak my language: Understanding the superior performance of fine-tuning large language models with llm-generated responses},
  author={Ren, Xuan and Wu, Biao and Liu, Lingqiao},
  journal={arXiv preprint arXiv:2402.11192},
  year={2024}
}


